
%books
@article{ZYZDecompose,
    author = "Barenco, Adriano and Bennett, Charles H. and Cleve, Richard and DiVincenzo, David P. and Margolus, Norman and Shor, Peter and Sleator, Tycho and Smolin, John and Weinfurter, Harald",
    title = "{Elementary gates for quantum computation}",
    eprint = "quant-ph/9503016",
    archivePrefix = "arXiv",
    doi = "10.1103/PhysRevA.52.3457",
    journal = "Phys. Rev. A",
    volume = "52",
    pages = "3457",
    year = "1995"
}

@article{compareIsometries,
  title = {Quantum circuits for isometries},
  author = {Iten, Raban and Colbeck, Roger and Kukuljan, Ivan and Home, Jonathan and Christandl, Matthias},
  journal = {Phys. Rev. A},
  volume = {93},
  issue = {3},
  pages = {032318},
  numpages = {19},
  year = {2016},
  month = {Mar},
  publisher = {American Physical Society},
  doi = {10.1103/PhysRevA.93.032318},
  url = {https://link.aps.org/doi/10.1103/PhysRevA.93.032318}
}

@article{CSDecompose,
  title = {Quantum Circuits for General Multiqubit Gates},
  author = {M\"ott\"onen, Mikko and Vartiainen, Juha J. and Bergholm, Ville and Salomaa, Martti M.},
  journal = {Phys. Rev. Lett.},
  volume = {93},
  issue = {13},
  pages = {130502},
  numpages = {4},
  year = {2004},
  month = {Sep},
  publisher = {American Physical Society},
  doi = {10.1103/PhysRevLett.93.130502},
  url = {https://link.aps.org/doi/10.1103/PhysRevLett.93.130502}
}

